@string{tacas = {Proc. Tools and Algorithms for Construction and Analysis of Systems}}
@string{cav = {Proc. International Conference on Computer Aided Verification}}
@string{pldi = {Proc. Conference on Programming Language Design and Implementation}}
@string{popl = {Proc. Symposium on Principles of Programming Languages}}
@string{uist = {Proc. Symposium on User Interface Software and Technology}}}
@string{icse = {Proc. International Conference on Software Engineering}}
@string{chi = {Proc. International Conference on Human Factors in Computing Systems}}
@string{oopsla = {Proc. International Conference on Object-Oriented Programming, Systems, Languages, and Applications}}
@string{asplos = {Proc. International Conference on Architectural Support for Programming Languages and Operating Systems}}
@string{ase = {Proc. International Conference on Automated Software Engineering}}
@string{ccs = {Proc. Conference on Computer and Communications Security}}
@string{ndss = {Proc. The Network and Distributed System Security Symposium}}
@string{security = {Proc. USENIX Security Symposium}}
@string{oakland = {Proc. IEEE Symposium on Security and Privacy}}

@inproceedings{oyente,
  author    = {Loi Luu and
               Duc{-}Hiep Chu and
               Hrishi Olickel and
               Prateek Saxena and
               Aquinas Hobor},
  title     = {Making Smart Contracts Smarter},
  booktitle = ccs,
  pages     = {254--269},
  year      = {2016}
}

@inproceedings{madmax,
  author    = {Neville Grech and
               Michael Kong and
               Anton Jurisevic and
               Lexi Brent and
               Bernhard Scholz and
               Yannis Smaragdakis},
  title     = {MadMax: surviving out-of-gas conditions in Ethereum smart contracts},
  booktitle = oopsla,
  pages     = {116:1--116:27},
  year      = {2018}
}

@misc{oyente-repo,
  title = {Oyente Repository},
  howpublished = "\url{https://github.com/oyente/oyente/}",
  note = "[Online; accessed 09/01/2018]",
  year=2016
}

@misc{solidity-decompiler,
  title = {Solidity Decompiler},
  howpublished = "\url{https://ethervm.io/decompile/}",
  note = "[Online; accessed 09/01/2018]",
  year=2018
}

@inproceedings{rosette,
  author    = {Emina Torlak and
               Rastislav Bod{\'{\i}}k},
  title     = {A lightweight symbolic virtual machine for solver-aided host languages},
  booktitle = pldi,
  pages     = {530--541},
  year      = {2014}
}

@incollection{sygus,
 author    = {Rajeev Alur and
               Rastislav Bod{\'{\i}}k and
               Eric Dallal and
               Dana Fisman and
               Pranav Garg and
               Garvit Juniwal and
               Hadas Kress{-}Gazit and
               P. Madhusudan and
               Milo M. K. Martin and
               Mukund Raghothaman and
               Shambwaditya Saha and
               Sanjit A. Seshia and
               Rishabh Singh and
               Armando Solar{-}Lezama and
               Emina Torlak and
               Abhishek Udupa},
  title     = {Syntax-Guided Synthesis},
  booktitle = {Dependable Software Systems Engineering},
  pages     = {1--25},
  year      = {2015},
}

@inproceedings{synthesis-survey,
  author    = {Sumit Gulwani and
               Oleksandr Polozov and
               Rishabh Singh},
  title     = {Program Synthesis},
  journal   = {Foundations and Trends in Programming Languages},
  volume    = {4},
  number    = {1-2},
  pages     = {1--119},
  year      = {2017},
}

@inproceedings{post18,
  author    = {Ilya Grishchenko and
               Matteo Maffei and
               Clara Schneidewind},
  title     = {A Semantic Framework for the Security Analysis of Ethereum Smart Contracts},
  booktitle = {Principles of Security and Trust - 7th International Conference, {POST}
               2018},
  pages     = {243--269},
  year      = {2018}
}

@inproceedings{zeus,
  author    = {Sukrit Kalra and
               Seep Goel and
               Mohan Dhawan and
               Subodh Sharma},
  title     = {{ZEUS:} Analyzing Safety of Smart Contracts},
  booktitle = ndss,
  year      = {2018}
}

@inproceedings{teether,
  author    = {Johannes Krupp and
               Christian Rossow},
  title     = {teEther: Gnawing at Ethereum to Automatically Exploit Smart Contracts},
  booktitle = security,
  pages     = {1317--1333},
  year      = {2018}
}

@inproceedings{securify,
  author    = {Petar Tsankov and
               Andrei Marian Dan and
               Dana Drachsler{-}Cohen and
               Arthur Gervais and
               Florian B{\"{u}}nzli and
               Martin T. Vechev},
  title     = {Securify: Practical Security Analysis of Smart Contracts},
  booktitle = ccs,
  pages     = {67--82},
  year      = {2018}
}

@inproceedings{contractfuzzer,
  author    = {Bo Jiang and
               Ye Liu and
               W. K. Chan},
  title     = {ContractFuzzer: fuzzing smart contracts for vulnerability detection},
  booktitle = ase,
  pages     = {259--269},
  year      = {2018}
}

@misc{mythril,
  title = {Mythril Classic },
  howpublished = "\url{https://github.com/ConsenSys/mythril-classic}",
  note = "[Online; accessed 12/01/2018]",
  year=2018
}

@misc{ethereum,
  title = {Ethereum},
  howpublished = "\url{https://www.ethereum.org/}",
  note = "[Online; accessed 01/09/2019]",
  year=2019
}

@misc{bitcoin,
  title = {Bitcoin},
  howpublished = "\url{https://bitcoin.org/}",
  note = "[Online; accessed 01/09/2019]",
  year=2019
}

@misc{solidity,
  title = {Solidity},
  howpublished = "\url{https://solidity.readthedocs.io/en/v0.5.1/}",
  note = "[Online; accessed 01/09/2019]",
  year=2019
}

@misc{etherscan,
  title = {Etherscan},
  howpublished = "\url{https://etherscan.io/}",
  note = "[Online; accessed 01/09/2019]",
  year=2018
}

@misc{case1,
  title = {Real Estate Business Integrates Smart Contracts},
  howpublished = "\url{https://tinyurl.com/yawrkfpx/}",
  note = "[Online; accessed 01/09/2019]",
  year=2018
}

@misc{case2,
  title = {Smart contracts for shipping offer shortcut},
  howpublished = "\url{https://tinyurl.com/yavel7xe/}",
  note = "[Online; accessed 01/09/2019]",
  year=2018
}

@misc{attack1,
  title = {Understanding The DAO Attack},
  howpublished = "\url{https://tinyurl.com/yc3o8ffk/}",
  note = "[Online; accessed 01/09/2019]",
  year=2017
}

@misc{attack2,
  title = {On the parity wallet multisig hack},
  howpublished = "\url{https://tinyurl.com/yca83zsg/}",
  note = "[Online; accessed 01/09/2019]",
  year=2017
}

@misc{attack3,
  title = {GovernMentalâ€™s 1100 ETH payout is stuck because it uses too much gas.},
  howpublished = "\url{https://tinyurl.com/y83dn2yf/}",
  note = "[Online; accessed 01/09/2019]",
  year=2016
}

@inproceedings{attack4,
  author    = {Nicola Atzei and
               Massimo Bartoletti and
               Tiziana Cimoli},
  title     = {A Survey of Attacks on Ethereum Smart Contracts (SoK)},
  booktitle = {Principles of Security and Trust - 6th International Conference, {POST}
               2017, Held as Part of the European Joint Conferences on Theory and
               Practice of Software, {ETAPS} 2017, Uppsala, Sweden, April 22-29,
               2017, Proceedings},
  pages     = {164--186},
  year      = {2017}
}

@inproceedings{Erays,
  author    = {Yi Zhou and
               Deepak Kumar and
               Surya Bakshi and
               Joshua Mason and
               Andrew Miller and
               Michael Bailey},
  title     = {Erays: Reverse Engineering Ethereum's Opaque Smart Contracts},
  booktitle = security,
  pages     = {1371--1385},
  year      = {2018}
}

@article{symbolic-e,
  title={Symbolic execution and program testing},
  author={King, James C},
  journal={Communications of the ACM},
  volume={19},
  number={7},
  pages={385--394},
  year={1976},
  publisher={ACM}
}

@inproceedings{CousotC77,
  author    = {Patrick Cousot and
               Radhia Cousot},
  title     = {Abstract Interpretation: {A} Unified Lattice Model for Static Analysis
               of Programs by Construction or Approximation of Fixpoints},
  booktitle = popl,
  pages     = {238--252},
  year      = {1977}
}

@inproceedings{ecf,
  author    = {Shelly Grossman and
               Ittai Abraham and
               Guy Golan{-}Gueta and
               Yan Michalevsky and
               Noam Rinetzky and
               Mooly Sagiv and
               Yoni Zohar},
  title     = {Online detection of effectively callback free objects with applications
               to smart contracts},
  booktitle = popl,
  pages     = {48:1--48:28},
  year      = {2018}
}

@inproceedings{BreindenbachDTJ18,
  author    = {Lorenz Breidenbach and
               Philip Daian and
               Florian Tram{\`{e}}r and
               Ari Juels},
  title     = {Enter the Hydra: Towards Principled Bug Bounties and Exploit-Resistant
               Smart Contracts},
  booktitle = security,
  pages     = {1335--1352},
  year      = {2018}
}


@inproceedings{smack,
  author    = {Zvonimir Rakamaric and
               Michael Emmi},
  title     = {{SMACK:} Decoupling Source Language Details from Verifier Implementations},
  booktitle = cav,
  pages     = {106--113},
  year      = {2014}
}

@misc{coq,
  title = {The Coq Proof Assistant.},
  howpublished = "\url{https://coq.inria.fr/}",
  note = "[Online; accessed 01/09/2019]",
  year=2016
}

@misc{isabelle,
  title = {Isabelle.},
  howpublished = "\url{https://isabelle.in.tum.de/}",
  note = "[Online; accessed 01/09/2019]",
  year=2016
}

@inproceedings{Hirai17,
  author    = {Yoichi Hirai},
  title     = {Defining the Ethereum Virtual Machine for Interactive Theorem Provers},
  booktitle = {Financial Cryptography and Data Security - {FC} 2017 International
               Workshops, WAHC, BITCOIN, VOTING, WTSC, and TA, Sliema, Malta, April
               7, 2017, Revised Selected Papers},
  pages     = {520--535},
  year      = {2017}
}

@inproceedings{GrishchenkoMS18,
  author    = {Ilya Grishchenko and
               Matteo Maffei and
               Clara Schneidewind},
  title     = {A Semantic Framework for the Security Analysis of Ethereum Smart Contracts},
  booktitle = {Principles of Security and Trust - 7th International Conference, {POST}
               2018, Held as Part of the European Joint Conferences on Theory and
               Practice of Software, {ETAPS} 2018, Thessaloniki, Greece, April 14-20,
               2018, Proceedings},
  pages     = {243--269},
  year      = {2018}
}

@inproceedings{AvgerinosCHB11,
  author    = {Thanassis Avgerinos and
               Sang Kil Cha and
               Brent Lim Tze Hao and
               David Brumley},
  title     = {{AEG:} Automatic Exploit Generation},
  booktitle = ndss,
  year      = {2011}
}

@inproceedings{ChaARB12,
  author    = {Sang Kil Cha and
               Thanassis Avgerinos and
               Alexandre Rebert and
               David Brumley},
  title     = {Unleashing Mayhem on Binary Code},
  booktitle = oakland,
  pages     = {380--394},
  year      = {2012}
}

@misc{manticore,
  title = {Manticore.},
  howpublished = "\url{https://github.com/trailofbits/manticore/}",
  note = "[Online; accessed 01/09/2019]",
  year=2016
}

@misc{porosity,
  title = {Porosity.},
  howpublished = "\url{https://github.com/comaeio/porosity/}",
  note = "[Online; accessed 01/09/2019]",
  year=2016
}

@misc{best-practice,
  title = {Ethereum Smart Contract Security Best Practices.},
  howpublished = "\url{https://consensys.github.io/smart-contract-best-practices/}",
  note = "[Online; accessed 01/09/2019]",
  year=2018
}

@misc{attack-time,
  title = {Time manipulation.},
  howpublished = "\url{https://dasp.co/}",
  note = "[Online; accessed 01/09/2019]",
  year=2018
}

@misc{attack-int,
  title = {New batchOverflow Bug in Multiple ERC20 Smart Contracts.},
  howpublished = "\url{https://tinyurl.com/yd78gpyt}",
  note = "[Online; accessed 01/09/2019]",
  year=2018
}

@misc{sample-trans,
  title = {Transaction 0x45725e88bcbfd30afacf184a58b1ea...},
  howpublished = "\url{https://tinyurl.com/y7tkoggh}",
  note = "[Online; accessed 01/09/2019]",
  year=2019
}

@misc{yellowpaper,
  title = {Ethereum Yellow Paper.},
  howpublished = "\url{https://github.com/ethereum/yellowpaper}",
  note = "[Online; accessed 01/09/2019]",
  year=2019
}

@misc{serpent,
  title = {Serpent.},
  howpublished = "\url{https://github.com/ethereum/serpent}",
  note = "[Online; accessed 01/09/2019]",
  year=2019
}

@misc{vyper,
  title = {Vyper.},
  howpublished = "\url{https://github.com/ethereum/vyper}",
  note = "[Online; accessed 01/09/2019]",
  year=2019
}

@misc{racket,
  title = {The Racket Language.},
  howpublished = "\url{https://racket-lang.org/}",
  note = "[Online; accessed 01/09/2019]",
  year=2017
}

@misc{batch-news,
  title = {BatchOverflow Exploit Creates Trillions of Ethereum Tokens, Major Exchanges Halt ERC20 Deposits.},
  howpublished = "\url{https://tinyurl.com/yb6eo6r9}",
  note = "[Online; accessed 01/09/2019]",
  year=2018
}

@misc{gasless,
  title = {Unchecked Return Values For Low Level Calls.},
  howpublished = "\url{https://dasp.co}",
  note = "[Online; accessed 01/09/2019]",
  year=2018
}

@misc{non-interfere,
  title = {Non-interference (security).},
  howpublished = "\url{https://en.wikipedia.org/wiki/Non-interference_(security)}",
  note = "[Online; accessed 01/09/2019]",
  year=2018
}

@misc{smart-sec,
  title = {Ethereum Smart Contract Security Best Practices.},
  howpublished = "\url{https://consensys.github.io/smart-contract-best-practices/}",
  note = "[Online; accessed 01/09/2019]",
  year=2018
}

@misc{fuzz-data,
  title = {The Ethereum Smart Contract Fuzzer for Security Vulnerability Detection.},
  howpublished = "\url{https://github.com/gongbell/ContractFuzzer}",
  note = "[Online; accessed 01/09/2019]",
  year=2018
}

@article{NiemetzPreinerBiere-JSAT15,
  title     = {Boolector 2.0 system description},
  author    = {Aina Niemetz and Mathias Preiner and Armin Biere},
  journal   = {Journal on Satisfiability, Boolean Modeling and Computation},
  volume    = {9},
  pages     = {53-58},
  year      = {2014 (published 2015)},
  publisher = {IOS Press},
}

@misc{geth,
  title = {Official Go implementation of the Ethereum protocol.},
  howpublished = "\url{https://github.com/ethereum/go-ethereum}",
  note = "[Online; accessed 01/09/2019]",
  year=2018
}

@misc{short-address,
  title = {ICO Smart contract Vulnerability: Short Address Attack.},
  howpublished = "\url{https://tinyurl.com/y8jjvh8d}",
  note = "[Online; accessed 01/09/2019]",
  year=2018
}

@misc{fuzz-docker,
  title = {The Ethereum Smart Contract Fuzzer for Security Vulnerability Detection.},
  howpublished = "\url{https://github.com/gongbell/ContractFuzzer}",
  note = "[Online; accessed 01/09/2019]",
  year=2018
}

@misc{evm-yellow,
  title = {ETHEREUM: A SECURE DECENTRALISED GENERALISED TRANSACTION LEDGER.},
  howpublished = "\url{https://ethereum.github.io/yellowpaper/paper.pdf}",
  note = "[Online; accessed 01/09/2019]",
  year=2018
}

@misc{multisig,
  title = {Parity Multisig Wallet Hacked, or How Come?},
  howpublished = "\url{https://cointelegraph.com/news/parity-multisig-wallet-hacked-or-how-come}",
  note = "[Online; accessed 01/09/2019]",
  year=2018
}


@article{BaldoniCDDF18,
  author    = {Roberto Baldoni and
               Emilio Coppa and
               Daniele Cono D'Elia and
               Camil Demetrescu and
               Irene Finocchi},
  title     = {A Survey of Symbolic Execution Techniques},
  journal   = {{ACM} Comput. Surv.},
  volume    = {51},
  number    = {3},
  pages     = {50:1--50:39},
  year      = {2018},
  url       = {https://doi.org/10.1145/3182657},
  doi       = {10.1145/3182657},
  timestamp = {Wed, 21 Nov 2018 12:44:28 +0100},
  biburl    = {https://dblp.org/rec/bib/journals/csur/BaldoniCDDF18},
  bibsource = {dblp computer science bibliography, https://dblp.org}
}


@inproceedings{AnandGT08,
  author    = {Saswat Anand and
               Patrice Godefroid and
               Nikolai Tillmann},
  title     = {Demand-Driven Compositional Symbolic Execution},
  booktitle = {Tools and Algorithms for the Construction and Analysis of Systems,
               14th International Conference, {TACAS} 2008, Held as Part of the Joint
               European Conferences on Theory and Practice of Software, {ETAPS} 2008,
               Budapest, Hungary, March 29-April 6, 2008. Proceedings},
  pages     = {367--381},
  year      = {2008},
  url       = {https://doi.org/10.1007/978-3-540-78800-3\_28},
  doi       = {10.1007/978-3-540-78800-3\_28},
  timestamp = {Sun, 02 Jun 2019 21:19:27 +0200},
  biburl    = {https://dblp.org/rec/bib/conf/tacas/AnandGT08},
  bibsource = {dblp computer science bibliography, https://dblp.org}
}

@inproceedings{BoonstoppelCE08,
  author    = {Peter Boonstoppel and
               Cristian Cadar and
               Dawson R. Engler},
  title     = {RWset: Attacking Path Explosion in Constraint-Based Test Generation},
  booktitle = {Tools and Algorithms for the Construction and Analysis of Systems,
               14th International Conference, {TACAS} 2008, Held as Part of the Joint
               European Conferences on Theory and Practice of Software, {ETAPS} 2008,
               Budapest, Hungary, March 29-April 6, 2008. Proceedings},
  pages     = {351--366},
  year      = {2008},
  url       = {https://doi.org/10.1007/978-3-540-78800-3\_27},
  doi       = {10.1007/978-3-540-78800-3\_27},
  timestamp = {Tue, 14 May 2019 10:00:53 +0200},
  biburl    = {https://dblp.org/rec/bib/conf/tacas/BoonstoppelCE08},
  bibsource = {dblp computer science bibliography, https://dblp.org}
}

@inproceedings{Godefroid07,
  author    = {Patrice Godefroid},
  title     = {Compositional dynamic test generation},
  booktitle = {Proceedings of the 34th {ACM} {SIGPLAN-SIGACT} Symposium on Principles
               of Programming Languages, {POPL} 2007, Nice, France, January 17-19,
               2007},
  pages     = {47--54},
  year      = {2007},
  url       = {https://doi.org/10.1145/1190216.1190226},
  doi       = {10.1145/1190216.1190226},
  timestamp = {Tue, 06 Nov 2018 11:07:42 +0100},
  biburl    = {https://dblp.org/rec/bib/conf/popl/Godefroid07},
  bibsource = {dblp computer science bibliography, https://dblp.org}
}

@inproceedings{SenKBG13a,
  author    = {Koushik Sen and
               Swaroop Kalasapur and
               Tasneem G. Brutch and
               Simon Gibbs},
  title     = {Jalangi: a tool framework for concolic testing, selective record-replay,
               and dynamic analysis of JavaScript},
  booktitle = {Joint Meeting of the European Software Engineering Conference and
               the {ACM} {SIGSOFT} Symposium on the Foundations of Software Engineering,
               ESEC/FSE'13, Saint Petersburg, Russian Federation, August 18-26, 2013},
  pages     = {615--618},
  year      = {2013},
  url       = {https://doi.org/10.1145/2491411.2494598},
  doi       = {10.1145/2491411.2494598},
  timestamp = {Tue, 06 Nov 2018 16:59:22 +0100},
  biburl    = {https://dblp.org/rec/bib/conf/sigsoft/SenKBG13a},
  bibsource = {dblp computer science bibliography, https://dblp.org}
}


@inproceedings{kframework,
  author    = {Daejun Park and
               Yi Zhang and
               Manasvi Saxena and
               Philip Daian and
               Grigore Rosu},
  title     = {A formal verification tool for Ethereum {VM} bytecode},
  booktitle = {Proceedings of the 2018 {ACM} Joint Meeting on European Software Engineering
               Conference and Symposium on the Foundations of Software Engineering,
               {ESEC/SIGSOFT} {FSE} 2018, Lake Buena Vista, FL, USA, November 04-09,
               2018},
  pages     = {912--915},
  year      = {2018}
}